@misc{langchain,
  title        = {LangChain Documentation},
  howpublished = {\url{https://python.langchain.com/}},
  year         = {2025}
}

@misc{chromadb,
  title        = {ChromaDB: The AI-native open-source embedding database},
  howpublished = {\url{https://www.trychroma.com/}},
  year         = {2025}
}

@misc{gemini,
  title        = {Google Generative AI (Gemini) for Developers},
  howpublished = {\url{https://ai.google.dev/}},
  year         = {2025}
}

@misc{openai,
  title        = {OpenAI API Reference},
  howpublished = {\url{https://platform.openai.com/docs/api-reference}},
  year         = {2025}
}

@misc{flask,
  title        = {Flask Documentation},
  howpublished = {\url{https://flask.palletsprojects.com/}},
  year         = {2025}
}

@misc{pandas,
  title        = {Pandas Documentation},
  howpublished = {\url{https://pandas.pydata.org/}},
  year         = {2025}
}
